<record><leader>00000cas a2200000 a 4500</leader><controlfield tag="001">35787025</controlfield><controlfield tag="008">961024c199u9999iaucr ne      0   a0eng c</controlfield><datafield ind1=" " ind2=" " tag="010"><subfield code="a">sn 96006285 </subfield></datafield><datafield ind1=" " ind2=" " tag="040"><subfield code="a">NSD</subfield><subfield code="b">eng</subfield><subfield code="c">NSD</subfield><subfield code="d">OCLCQ</subfield></datafield><datafield ind1=" " ind2=" " tag="012"><subfield code="m">1</subfield></datafield><datafield ind1="0" ind2=" " tag="022"><subfield code="a">1091-4382</subfield><subfield code="l">1091-4382</subfield><subfield code="2">1</subfield></datafield><datafield ind1=" " ind2=" " tag="032"><subfield code="a">008645</subfield><subfield code="b">USPS</subfield></datafield><datafield ind1=" " ind2=" " tag="037"><subfield code="b">Narcisse Printing &amp; Publishing, Inc., 1228 2nd Avenue, Des Moines, IA 50314-3105</subfield></datafield><datafield ind1=" " ind2=" " tag="042"><subfield code="a">nsdp</subfield><subfield code="a">pcc</subfield></datafield><datafield ind1="1" ind2="0" tag="082"><subfield code="a">051</subfield><subfield code="2">12</subfield></datafield><datafield ind1="0" ind2=" " tag="210"><subfield code="a">Gt. metropol. news</subfield></datafield><datafield ind1=" " ind2="0" tag="222"><subfield code="a">Greater metropolitan news</subfield></datafield><datafield ind1="0" ind2="0" tag="245"><subfield code="a">Greater metropolitan news.</subfield></datafield><datafield ind1=" " ind2=" " tag="260"><subfield code="a">Des Moines, IA :</subfield><subfield code="b">Narcisse Pringting &amp; Pub.</subfield></datafield><datafield ind1=" " ind2=" " tag="300"><subfield code="a">v.</subfield></datafield><datafield ind1=" " ind2=" " tag="310"><subfield code="a">Weekly</subfield></datafield><datafield ind1=" " ind2=" " tag="588"><subfield code="a">Description based on: Vol. 12, no. 58 (Sept. 26-28, 1996).</subfield></datafield><datafield ind1=" " ind2="4" tag="651"><subfield code="a">Des Moines (Iowa)</subfield><subfield code="v">Newspapers.</subfield></datafield><datafield ind1=" " ind2=" " tag="752"><subfield code="a">United States</subfield><subfield code="b">Iowa</subfield><subfield code="c">Polk</subfield><subfield code="d">Des Moines.</subfield></datafield><datafield ind1="1" ind2=" " tag="029"><subfield code="a">AU@</subfield><subfield code="b">000012909517</subfield></datafield></record>